@ARTICLE{framework_long_term_data_har,
author={A. {Ferrari} and D. {Micucci} and M. {Mobilio} and P. {Napoletano}},
title={A Framework for Long-Term Data Collection to Support Automatic Human Activity Recognition},
year={2019},
doi={10.3233/AISE190067}}

@ARTICLE{umafall,
author={E. {Casilari} and J. A. {Santoyo-Ramón} and J. M. {Cano-García}},
title={UMAFall: A Multisensor Dataset for the Research on Automatic Fall Detection},
year={2017},
doi={10.1016/j.procs.2017.06.110}}

@ARTICLE{har_survey,
author={C. {Jobanputra} and J. {Bavishi} and N. {Doshi}},
title={Human Activity Recognition: A Survey},
year={2019},
volume={155},
pages={698-703},
doi={10.1016/j.procs.2019.08.100},
ISSN={1877-0509}}