@online{keras,
    title     = "Keras",
    url       = "https://github.com/keras-team/keras"
}
@online{tensorflow,
    title     = "Tensorflow",
    url       = "https://github.com/tensorflow/tensorflow"
}
@online{material,
    title     = "Material Design",
    url       = "https://material.io/"
}
@online{spinner,
    title     = "Material Spinner",
    url       = "https://github.com/jaredrummler/MaterialSpinner"
}
@online{services,
    title     = "Android Services",
    url       = "https://developer.android.com/guide/components/services"
}
@online{json,
    title     = "Il formato JSON",
    url       = "https://www.json.org/"
}